<record><leader>00000cas a22000007a 4500</leader><controlfield tag="001">10958607</controlfield><controlfield tag="008">840717d18561857iauwr ne      0    0eng d</controlfield><datafield ind1=" " ind2=" " tag="010"><subfield code="a">sn 84027237 </subfield></datafield><datafield ind1=" " ind2=" " tag="040"><subfield code="a">NPU</subfield><subfield code="b">eng</subfield><subfield code="c">NPU</subfield><subfield code="d">NPX</subfield><subfield code="d">NPH</subfield><subfield code="d">INP</subfield><subfield code="d">NYS</subfield><subfield code="d">OCLCQ</subfield></datafield><datafield ind1=" " ind2=" " tag="042"><subfield code="a">msc</subfield></datafield><datafield ind1="0" ind2=" " tag="130"><subfield code="a">North Iowa times (McGregor, Iowa : 1856)</subfield></datafield><datafield ind1="1" ind2="4" tag="245"><subfield code="a">The north Iowa times.</subfield></datafield><datafield ind1=" " ind2=" " tag="260"><subfield code="a">M'Gregor [i.e. McGregor], Iowa :</subfield><subfield code="b">A.P. Richardson and W.D. Merrell,</subfield><subfield code="c">1856-1857.</subfield></datafield><datafield ind1=" " ind2=" " tag="300"><subfield code="a">1 v. ;</subfield><subfield code="c">68 cm.</subfield></datafield><datafield ind1=" " ind2=" " tag="310"><subfield code="a">Weekly</subfield></datafield><datafield ind1="0" ind2=" " tag="362"><subfield code="a">Vol. 1, no. 1 (Oct. 10, 1856)-v. 1, no. 52 (Oct. 7, 1857).</subfield></datafield><datafield ind1=" " ind2=" " tag="500"><subfield code="a">Publisher: A.P. Richardson, &lt;Aug. 1857&gt;.</subfield></datafield><datafield ind1=" " ind2=" " tag="752"><subfield code="a">United States</subfield><subfield code="b">Iowa</subfield><subfield code="c">Clayton</subfield><subfield code="d">McGregor.</subfield></datafield><datafield ind1="0" ind2="0" tag="785"><subfield code="t">Weekly north Iowa times</subfield><subfield code="w">(DLC)sn 84027238</subfield></datafield></record>